<?xml version="1.0" encoding="UTF-8"?><collection xmlns="http://www.loc.gov/MARC21/slim"><record><leader>00446nam--2200169-i-4500</leader><controlfield tag="001">000024429</controlfield><controlfield tag="002">20161230</controlfield><controlfield tag="005">20161230201035</controlfield><controlfield tag="008">060222s1000------------r-----000-0-ger-d</controlfield><datafield ind1=" " ind2=" " tag="040"><subfield code="a">IFIN-HH</subfield></datafield><datafield ind1=" " ind2=" " tag="041"><subfield code="a">ger</subfield></datafield><datafield ind1="1" ind2=" " tag="100"><subfield code="a">Frenkel, J.I</subfield></datafield><datafield ind1="1" ind2="0" tag="245"><subfield code="a">Kinetische theorie der flussigkeiten</subfield><subfield code="c">J.I. Frenkel</subfield></datafield><datafield ind1=" " ind2=" " tag="260"><subfield code="a">Berlin, Veb Deutscher Verlag Der Wissenschaften, 1957</subfield></datafield><datafield ind1=" " ind2=" " tag="300"><subfield code="a">510 p</subfield></datafield><datafield ind1=" " ind2=" " tag="852"><subfield code="a">76086</subfield><subfield code="c">532</subfield></datafield><datafield ind1=" " ind2=" " tag="CAT"><subfield code="a">Sys</subfield><subfield code="c">20100827</subfield><subfield code="h">090644</subfield></datafield></record></collection>